@TechReport{default:09,
  author = 	 {K. Huebner, and K. Johannsen},
  title = 	 {German Airport Noise Surcharges - Method of Calculation and Effects},
  year = 	 2013,
  type =	 ,
}


