
------------------------
TechReport
------------------------

@TechReport{willis:95,
  author = 	{B. P. Willis and D. O. Davis and W. R. Hingst},
  title = 	{Flow Coefficient Behavior for Boundary Layer Bleed Holes and Slots},
  year = 	1995,
  type = 	{{AIAA} {P}aper 1995-0031},
}


------------------------
Article
------------------------

@Article{shih:93,
  author = 	{T. I-P. Shih and M. J. Rimlinger and W. J. Chyu},
  title = 	{Three-Dimensional Shock-Wave/Boundary-Layer Interactions with Bleed},
  journal = 	{AIAA Journal},
  volume = 	31,
  number = 	10,
  year = 	1993,
  pages = 	{1819-1826},
}


------------------------
Collection
------------------------

@InCollection{koren:89,
  author = 	{B. Koren},
  title = 	{Upwind Schemes, Multigrid and Defect Correction for the Steady Navier-Stokes Equations},
  booktitle = 	{Proceedings of the 11th International Conference in Numerical Methods in Fluid Dynamics},
  publisher = 	{Springer-Verlag},
  address = 	{Berlin},
  year = 	1989,
}

------------------------
Misc
------------------------

@Misc{nichols:08,
  author = 	{R. H. Nichols and P. G. Buning},
  title = 	{User's Manual for OVERFLOW 2.1},
  version = 	{2.1t},
  year = 	2008,
  month = 	Aug,
}

------------------------
PhD Thesis
------------------------

@PhdThesis{lapsa:09phd,
  author = 	{A. P. Lapsa},
  title = 	{Experimental Study of Passive Ramps for Control of Shock-Boundary Layer Interactions},
  school = 	{The University of Michigan},
  year = 	2009,
}


------------------------
Book
------------------------

@Book{hirsch:94,
  author = 	{C. Hirsch},
  title = 	{Numerical Computation of Internal and External Flows: Volume 2},
  publisher = 	{John Wiley \& Sons Ltd.},
  year = 	1994,
}







