@TechReport{roget:12,
  author = 	 {B. Roget, and J. Sitaraman},
  title = 	 {Wall distance search algorithm using voxelized marching spheres},
  year = 	 2012,
  type =	 {ICCFD7-1204},
}

@TechReport{allmaras:12,
  author = 	 {S. R. Allmaras, and F. T. Johnson, and P. R. Spalart},
  title = 	 {Modifications and Clarifications for the Implementation of the Spalart-Allmaras Turbulence Model},
  year = 	 2012,
  type =	 {ICCFD7-1902},
}


@PhdThesis{galbraith:13phd,
  author = 	{M. C. Galbraith},
  title = 	{A discontinuous Galerkin Chimera overset solver},
  school = 	{University of Cincinnati},
  year = 	2013,
}

@Book{hirsch:94,
  author = 	{C. Hirsch},
  title = 	{Numerical Computation of Internal and External Flows: Volume 2},
  publisher = 	{John Wiley \& Sons Ltd.},
  year = 	1994,
}